<record><leader>00000cas a22000007a 4500</leader><controlfield tag="001">23751954</controlfield><controlfield tag="008">910516d19191923nhudr ne      0    0eng d</controlfield><datafield ind1=" " ind2=" " tag="010"><subfield code="a">sn 91063062 </subfield></datafield><datafield ind1=" " ind2=" " tag="040"><subfield code="a">NVH</subfield><subfield code="b">eng</subfield><subfield code="c">NVH</subfield><subfield code="d">OCLCQ</subfield></datafield><datafield ind1=" " ind2=" " tag="042"><subfield code="a">msc</subfield></datafield><datafield ind1="0" ind2="0" tag="245"><subfield code="a">Concord evening patriot.</subfield></datafield><datafield ind1=" " ind2=" " tag="260"><subfield code="a">Concord, N.H. :</subfield><subfield code="b">Edward J. Gallagher</subfield></datafield><datafield ind1=" " ind2=" " tag="300"><subfield code="a">v.</subfield></datafield><datafield ind1=" " ind2=" " tag="310"><subfield code="a">Daily (except Sun.)</subfield></datafield><datafield ind1="0" ind2=" " tag="362"><subfield code="a">111th year, no. 153 (Oct. 27, 1919)-</subfield></datafield><datafield ind1="1" ind2=" " tag="362"><subfield code="a">Ceased in 1923?</subfield></datafield><datafield ind1=" " ind2=" " tag="580"><subfield code="a">Morning ed.: Concord morning patriot.</subfield></datafield><datafield ind1=" " ind2=" " tag="752"><subfield code="a">United States</subfield><subfield code="b">New Hampshire</subfield><subfield code="c">Merrimack</subfield><subfield code="d">Concord.</subfield></datafield><datafield ind1="1" ind2=" " tag="775"><subfield code="t">Concord morning patriot</subfield><subfield code="w">(DLC)sn 91063061</subfield></datafield><datafield ind1="0" ind2="1" tag="780"><subfield code="t">Daily patriot (Concord, N.H. : 1901)</subfield><subfield code="w">(DLC)sn 91063060</subfield></datafield><datafield ind1="0" ind2="7" tag="785"><subfield code="t">Concord evening monitor</subfield><subfield code="w">(DLC)sn 84020470</subfield></datafield><datafield ind1="0" ind2="7" tag="785"><subfield code="t">Concord daily monitor and New Hampshire patriot</subfield><subfield code="w">(DLC)sn 84020469</subfield></datafield></record>